@manual{inmetro2003,
	Author = {INMETRO},
	Title = {Vocabulário internacional de termos fundamentais e gerais de
	metrologia},
	Year = {2013},
	Address = {Rio de Janeiro, Brasil},
	Pages = {75},
	isbn = {85-87090-90-9},
}

@inproceedings{soviero1997,
	Author = {P. A. O. Soviero and L. G. M. Lavagna},
	Title = {A Numerical Model for Thin Airfoils in Unsteady Motion},
	Year = {1997},
	Pages = {332-340},
	Volume = {19},
	Number = {3},
	Booktitle = {Journal of the Brazilian Societyt Mechanical Sciences},	
}

@article{ONU2015,
	Author = {ONU},
	Title = {Department of Economic and Social Affairs, Population Division.
    World Population Prospects: The 2015 Revision, Key Findings and Advance Tables},
	Year = {2015},
}

@book{RAMIZ1988,
  Author = {Rámiz, Antonio Argadona},
  Title = {Questões da teoria econômica},
  Address = {São Paulo},
  Year = {1988},
}

@article{ROCHA2015,
  title = {Construindo competências tecnológicas na agricultura brasileira: articulando a Política Nacional de Inovação com os investimentos em infraestrutura},
  journal = {Nova Economia},
  author={Rocha, Leonardo Andrade AND Khan, Ahmad Saeed AND Lima, Patrícia Verônica Pinheiro Sales},
  ISSN = {0103-6351},
  language = {pt},
  URL = {http://www.scielo.br/scielo.php?script=sci_arttext&pid=S0103-63512015000300621&nrm=iso},
  volume = {25},
  year = {2015},
  month = {12},
  pages = {621 - 646},
  publisher = {scielo},
}

@article{ARCHILA2014,
  title = {Projeto Mecatrônico de um Rover para Aplicação na Análise de Solos usando Tecnologia LIBS - Parte I},
  journal = {Simpósio Nacional de Instrumentação Agropecuária},
  author={ARCHILA, J. F.},
  language = {pt},
  year = {2014},
  address = {USP EESC LabRom. São Carlos, SP},
}

@article{ARGOTE2014,
  title = {Projeto Mecatrônico de um Rover para Aplicação na Análise de Solos usando Tecnologia LIBS - Parte II},
  journal = {Simpósio Nacional de Instrumentação Agropecuária},
  author={ARGOTE, J. F.},
  language = {pt},
  year = {2014},
  address = {USP EESC LabRom. São Carlos, SP},
}

@article{PMI2012,
abstract = {Project Management Institute (PMI) (2012). Project Management Book of Knowledge (PMBOK Guide), USA, PMI ‘Project management is central to businesses today'},
author = {PMI},
isbn = {ISBN 1933890517},
journal = {Project Management Institute (PMI)},
pages = {30},
title = {{Project management book of knowledge (pmbok guide)}},
year = {2012}
}

@online{MAGALHAES,
  author = {MAGALHAES, Alexandre},
  title = {{SOLARBOTICS. Industrial Circuits Application Note, Stepper Motor Basics, 2001}},
  year = 2011,
  url = {http://www.e-voo.com},
  urldate = {2016-08-29}
}

@online{MEGGLIAR,
  author = {MEGGLIAR, Marco},
  title = {{Tutorial em Robôs de Combate}},
  year = 2006,
  url = {http://www.riobotz.com.br/tutorial_riobotz.pdf},
  urldate = {2016-09-01}
}

@article{castillo2002advances,
  title={Advances in the recovering of spent lithium battery compounds},
  author={Castillo, S and Ansart, F and Laberty-Robert, C and Portal, J},
  journal={Journal of Power Sources},
  volume={112},
  number={1},
  pages={247--254},
  year={2002},
  publisher={Elsevier}
}

@phdthesis{pulsada2005juliano,
  title={Pulsada, Estudo do Mecanismo da Carga},
  author={ANDRADE, Juliano},
  year={2005},
  school={Universidade Federal do Paran{\'a}}
}

@article{matsumura2014desenvolvimento,
  title={Desenvolvimento de uma plataforma aberta de rob{\^o} m{\'o}vel para prop{\'o}sitos gerais},
  author={Matsumura, Takao},
  year={2014},
  publisher={Universidade Estadual Paulista (UNESP)}
}
